@article{btree,
 author = {Comer, Douglas},
 title = {{Ubiquitous B-Tree}},
 journal = {ACM Comput. Surv.},
 volume = {11},
 number = {2},
 month = {jun},
 year = {1979},
 issn = {0360-0300},
 pages = {121-137},
 numpages = {17},
 url = {http://doi.acm.org/10.1145/356770.356776},
 doi = {10.1145/356770.356776},
 acmid = {356776},
 publisher = {ACM},
 address = {New York, NY, USA},
}