%%%%%%%%%%%%%%%%%%%%%%%%%%%%%%%%%%%%%%%%%%%%%%%%%%%%%%%%%%%%%%%%%%%%%%%%%%%%%%%
% Introduction
%%%%%%%%%%%%%%%%%%%%%%%%%%%%%%%%%%%%%%%%%%%%%%%%%%%%%%%%%%%%%%%%%%%%%%%%%%%%%%%

@article{DBLP:journals/cacm/Codd70,
  author    = {E. F. Codd},
  title     = {{A Relational Model of Data for Large Shared Data Banks}},
  journal   = {Commun. ACM},
  volume    = {13},
  number    = {6},
  year      = {1970},
  pages     = {377-387},
  ee        = {http://doi.acm.org/10.1145/362384.362685},
  bibsource = {DBLP, http://dblp.uni-trier.de}
}

@article{journals/trj/Kamfonas92,
  author    = {Michael Kamfonas},
  title     = {{Recursive Hierarchies: The Relational Taboo!}},
  journal   = {The Relational Journal},
  volume    = {13},
  number    = {6},
  year      = {1992},
  pages     = {377-387},
  ee        = {http://doi.acm.org/10.1145/362384.362685},
  bibsource = {CiteSeer, http://citeseerx.ist.psu.edu/showciting;jsessionid=58065F7A29E317BA90ACACAF6D2BC275?cid=10755123}
}

@inproceedings{DBLP:conf/icde/BeckmannHKN06,
  author    = {Jennifer L. Beckmann and
               Alan Halverson and
               Rajasekar Krishnamurthy and
               Jeffrey F. Naughton},
  title     = {{Extending RDBMSs To Support Sparse Datasets Using An Interpreted
               Attribute Storage Format}},
  booktitle = {ICDE},
  year      = {2006},
  pages     = {58},
  ee        = {http://doi.ieeecomputersociety.org/10.1109/ICDE.2006.67},
  crossref  = {DBLP:conf/icde/2006},
  bibsource = {DBLP, http://dblp.uni-trier.de}
}

@inproceedings{DBLP:conf/sigmod/ChuBN07,
  author    = {Eric Chu and
               Jennifer L. Beckmann and
               Jeffrey F. Naughton},
  title     = {{The Case for a Wide-Table Approach to Manage Sparse Relational Data Sets}},
  booktitle = {SIGMOD Conference},
  year      = {2007},
  pages     = {821-832},
  ee        = {http://doi.acm.org/10.1145/1247480.1247571},
  crossref  = {DBLP:conf/sigmod/2007},
  bibsource = {DBLP, http://dblp.uni-trier.de}
}

%%%%%%%%%%%%%%%%%%%%%%%%%%%%%%%%%%%%%%%%%%%%%%%%%%%%%%%%%%%%%%%%%%%%%%%%%%%%%%%
% Broadcast Skyline
%%%%%%%%%%%%%%%%%%%%%%%%%%%%%%%%%%%%%%%%%%%%%%%%%%%%%%%%%%%%%%%%%%%%%%%%%%%%%%%

@inproceedings{Guttman84,
    author = "Antomn Guttman",
    title = {{R-Trees: A Dynamic Index Structure for Spatial Searching}},
    booktitle = sigmod,
    address = {Boston, Massachusetts},
    month = {June 18-21,},
    pages = "47-57",
    year = "1984"}

@InBook{Samet90,
        Editor={Hanan Samet},
        Title={{The Design and Analysis of Spatial Data Structures}},
        Publisher={Addison-Wesley},
        Year={1990},
        Pages = {200--211}}

@misc{blue05,
    Author="Bluetooth {S}pecification {D}ocuments",
    Title={{URL: https://www.bluetooth.org/qualification/}},
    text="{URL:} https://www.bluetooth.org/qualification/",
    Month="",
    Year="2005"}

@misc{tiger04,
    Author="U.S. Census Bureau -TIGER/Lines",
    Title={{URL: http://www.census.gov/geo/www/tiger/}},
        text="{URL:} http://www.census.gov/geo/www/tiger/",
    Month="",
    Year="2004"}

@Book{berg00,
    Author={M. de Berg and M. van Kreveld and M. Overmars and O. Schwarzkopf},
    Title={{Computational Geometry Algorithms and Applications (2nd Edition)}},
    Publisher={Springer},
    Year={2000}}

@article{HjaltasonS99,
  author    = {G\'{\i}sli R. Hjaltason and
               Hanan Samet},
  title     = {{Distance Browsing in Spatial Databases}},
  journal   = {ACM Trans. Database Syst.},
  volume    = {24},
  number    = {2},
  year      = {1999},
  pages     = {265-318}
}

% Internet Computing 2011

@article{journals/vldb/NeumannW10,
  author    = {Thomas Neumann and
               Gerhard Weikum},
  title     = {{The RDF-3X engine for scalable management of RDF data}},
  journal   = {VLDB J.},
  volume    = {19},
  number    = {1},
  year      = {2010},
  pages     = {91-113}
}

@inproceedings{conf/www/AtreCZH10,
  author    = {Medha Atre and
               Vineet Chaoji and
               Mohammed J. Zaki and
               James A. Hendler},
  title     = {{Matrix "Bit" Loaded: A Scalable Lightweight Join Query Processor
               for RDF Data}},
  booktitle = {WWW},
  year      = {2010},
  pages     = {41-50}
}

@article{journals/pvldb/WeissKB08,
  author    = {Cathrin Weiss and
               Panagiotis Karras and
               Abraham Bernstein},
  title     = {{Hexastore: Sextuple Indexing for Semantic Web Data Management}},
  journal   = {PVLDB},
  volume    = {1},
  number    = {1},
  year      = {2008},
  pages     = {1008-1019}
}

@misc{IEMR2010,
  author = {IE Market Research Corp.},
  title  = {{3Q.2010 Global GPS Navigation and Location Based Services Forecast}},
  month  = {July},
  year   = {2010},
  howpublished  = {http://www.iemarketresearch.com/}
}

@article{journals/cacm/JunglasW08,
  author    = {Iris A. Junglas and
               Richard T. Watson},
  title     = {{Location-based services}},
  journal   = {Commun. ACM},
  volume    = {51},
  number    = {3},
  year      = {2008},
  pages     = {65-69}
}

@article{journals/pervasive/BellavistaKH08,
  author    = {Paolo Bellavista and
               Axel K{\"u}pper and
               Sumi Helal},
  title     = {{Location-Based Services: Back to the Future}},
  journal   = {IEEE Pervasive Computing},
  volume    = {7},
  number    = {2},
  year      = {2008},
  pages     = {85-89}
}

@inproceedings{conf/gis/BrodtNM10,
  author    = {Andreas Brodt and
               Daniela Nicklas and
               Bernhard Mitschang},
  title     = {Deep Integration of Spatial Query Processing into Native
               RDF Triple Stores},
  booktitle = {GIS},
  year      = {2010},
  pages     = {33-42}
}

@misc{SemanticWeb,
  author = {World Wide Web Consortium (W3C)},
  title  = {{Semantic Web Standards}},
  month  = {March},
  year   = {2011},
  howpublished  = {http://www.w3.org/standards/semanticweb/}
}

@misc{RDF,
  author = {World Wide Web Consortium (W3C)},
  title  = {{Resource Description Framework (RDF)}},
  month  = {February},
  year   = {2004},
  howpublished  = {http://www.w3.org/RDF/}
}

@misc{SPARQL,
  author = {World Wide Web Consortium (W3C)},
  title  = {{SPARQL Query Language for RDF}},
  month  = {January},
  year   = {2008},
  howpublished  = {http://www.w3.org/TR/rdf-sparql-query/}
}


@inproceedings{conf/www/CarrollDDRSW04,
  author    = {Jeremy J. Carroll and
               Ian Dickinson and
               Chris Dollin and
               Dave Reynolds and
               Andy Seaborne and
               Kevin Wilkinson},
  title     = {{Jena: Implementing the Semantic Web Recommendations}},
  booktitle = {WWW},
  year      = {2004},
  pages     = {74-83}
}

@inproceedings{conf/vldb/AbadiMMH07,
  author    = {Daniel J. Abadi and
               Adam Marcus and
               Samuel Madden and
               Katherine J. Hollenbach},
  title     = {{Scalable Semantic Web Data Management Using Vertical Partitioning}},
  booktitle = {VLDB},
  year      = {2007},
  pages     = {411-422}
}

@inproceedings{conf/vldb/ChongDES05,
  author    = {Eugene Inseok Chong and
               Souripriya Das and
               George Eadon and
               Jagannathan Srinivasan},
  title     = {{An Efficient SQL-based RDF Querying Scheme}},
  booktitle = {VLDB},
  year      = {2005},
  pages     = {1216-1227}
}

@article{journals/tods/PerezAG09,
  author    = {Jorge P{\'e}rez and
               Marcelo Arenas and
               Claudio Gutierrez},
  title     = {{Semantics and Complexity of SPARQL}},
  journal   = {ACM Trans. Database Syst.},
  volume    = {34},
  number    = {3},
  year      = {2009}
}

@article{journals/tkde/MoonJFS01,
  author    = {Bongki Moon and
               H. V. Jagadish and
               Christos Faloutsos and
               Joel H. Saltz},
  title     = {{Analysis of the Clustering Properties of the Hilbert Space-Filling
               Curve}},
  journal   = {IEEE Trans. Knowl. Data Eng.},
  volume    = {13},
  number    = {1},
  year      = {2001},
  pages     = {124-141}
}

@article{journals/csur/IlarriMI10,
  author    = {Sergio Ilarri and
               Eduardo Mena and
               Arantza Illarramendi},
  title     = {{Location-Dependent Query Processing: Where We Are And Where
               We Are Heading}},
  journal   = {ACM Comput. Surv.},
  volume    = {42},
  number    = {3},
  year      = {2010}
}

@inproceedings{conf/sigmod/Guttman84,
  author    = {Antonin Guttman},
  title     = {{R-Trees: A Dynamic Index Structure for Spatial Searching}},
  booktitle = {SIGMOD Conference},
  year      = {1984},
  pages     = {47-57}
}

% Internet Computing 2011 R1

@inproceedings{conf/esws/KoubarakisK10,
  author    = {Manolis Koubarakis and
               Kostis Kyzirakos},
  title     = {{Modeling and Querying Metadata in the Semantic Sensor Web:
               The Model stRDF and the Query Language stSPARQL}},
  booktitle = {ESWC (1)},
  year      = {2010},
  pages     = {425-439}
}

@inproceedings{KyzirakosKK10,
  author    = {Kostis Kyzirakos and
               Manos Karpathiotakis and
               Manolis Koubarakis},
  title     = {{Developing Registries for the Semantic Sensor Web
               using stRDF and stSPARQL}},
  booktitle = {International Workshop on Semantic Sensor Networks},
  year      = {2010}
}

@incollection{reference/gis/HadjieleftheriouMTT08,
  author    = {Marios Hadjieleftheriou and
               Yannis Manolopoulos and
               Yannis Theodoridis and
               Vassilis J. Tsotras},
  title     = {{R-Trees - A Dynamic Index Structure for Spatial Searching}},
  booktitle = {Encyclopedia of GIS},
  publisher = {Springer},
  year      = {2008},
  pages     = {993-1002}
}

@incollection{Perry08,
  author = {Matthew S. Perry},
  title = {{A Framework to Support Spatial, Temporal and Thematic Analytics over Semantic Web Data}},
  year = {2008},
  address = {Wright State University},
}

@incollection{Perry11,
  author = {Matthew Perry and
            Prateek Jain and
            Amit P. Sheth},
  title = {{SPARQL-ST: Extending SPARQL to Support Spatiotemporal Queries}},
  booktitle = {Geospatial Semantics and the Semantic Web},
  publisher = {Springer},
  year = {2011}
}


@inproceedings{conf/SSWS09,
  author    = {Dave Kolas and
               Ian Emmons and
               Mike Dean},
  title     = {{Efficient Linked-List RDF Indexing in Parliament}},
  booktitle = {International Workshop on Scalable Semantic Web Knowledge Base Systems},
  year      = {2009},
  pages     = {17-32}
}

@misc{GeoSPARQL,
  author = {Open Geospatial Consortium},
  title  = {{OGC GeoSPARQL - A Geographic Query Language for RDF Data}},
  month  = {July},
  year   = {2011},
  howpublished  = {http://www.opengeospatial.org/standards/requests/80}
}

@inproceedings{conf/semweb/KolasS07,
  author    = {Dave Kolas and
               Troy Self},
  title     = {{Spatially-Augmented Knowledgebase}},
  booktitle = {ISWC/ASWC},
  year      = {2007},
  pages     = {792-801}
}

@article{journals/internet/WoenselCPT11,
  author    = {William Van Woensel and
               Sven Casteleyn and
               Elien Paret and
               Olga De Troyer},
  title     = {{Mobile Querying of Online Semantic Web Data for Context-Aware
               Applications}},
  journal   = {IEEE Internet Computing},
  volume    = {15},
  number    = {6},
  year      = {2011},
  pages     = {32-39}
}

%%%%%%%%%%%%%%%%%%%%%%%%%%%%%%%%%%%%%%%%%%%%%%%%%%%%%%%%%%%%%%%%%%%%%%%%%%%%%%%
% Broadcast Skyline
%%%%%%%%%%%%%%%%%%%%%%%%%%%%%%%%%%%%%%%%%%%%%%%%%%%%%%%%%%%%%%%%%%%%%%%%%%%%%%%

@inproceedings{shooting_stars,
    author    = {Donald Kossmann and
                Frank Ramsak and
                Steffen Rost},
    title     = {{Shooting Stars in the Sky: An Online Algorithm for Skyline Queries}},
    booktitle = {VLDB},
    year      = {2002},
    pages     = {275-286},
}

@article{progressive_skyline,
    author    = {Dimitris Papadias and
                Yufei Tao and
                Greg Fu and
                Bernhard Seeger},
    title     = {{Progressive Skyline Computation in Database Systems}},
    journal   = {ACM Trans. Database Syst.},
    volume    = {30},
    number    = {1},
    year      = {2005},
    pages     = {41-82},
    ee        = {http://doi.acm.org/10.1145/1061318.1061320},
    bibsource = {DBLP, http://dblp.uni-trier.de}
}

@article{journals/tkde/ImielinskiVB97,
  author    = {Tomasz Imielinski and
               S. Viswanathan and
               B. R. Badrinath},
  title     = {{Data on Air: Organization and Access}},
  journal   = {IEEE Trans. Knowl. Data Eng.},
  volume    = {9},
  number    = {3},
  year      = {1997},
  pages     = {353-372},
  ee        = {db/journals/tkde/ImielinskiVB97.html},
  bibsource = {DBLP, http://dblp.uni-trier.de}
}

@inproceedings{conf/cikm/HsuLC01,
  author    = {Chih-Hao Hsu and
               Guanling Lee and
               Arbee L. P. Chen},
  title     = {{A Near Optimal Algorithm for Generating Broadcast Programs
               on Multiple Channels}},
  booktitle = {CIKM},
  year      = {2001},
  pages     = {303-309}
}

@inproceedings{conf/cikm/YeeN03,
    author    = {Wai Gen Yee and
                Shamkant B. Navathe},
    title     = {{Efficient Data Access to Multi-Channel Broadcast Programs}},
    booktitle = {CIKM},
    year      = {2003},
    pages     = {153-160}
}

@inproceedings{conf/mobicom/HameedV97,
    author    = {Sohail Hameed and
                Nitin H. Vaidya},
    title     = {{Log-Time Algorithms for Scheduling Single and Multiple Channel Data Broadcast}},
    booktitle = {MOBICOM},
    year      = {1997},
    pages     = {90-99}
}

@article{journals/pieee/Wong88,
  author    = {J. Wong},
  title     = {{Broadcast Delivery}},
  journal   = {Proceedings of the IEEE},
  volume    = {76},
  number    = {12},
  year      = {1988},
  pages     = {1566-1577},
  bibsource = {DBLP, http://dblp.uni-trier.de}
}

@article{journals/winet/LeeL99,
  author    = {Wang-Chien Lee and
               Dik Lun Lee},
  title     = {{Signature Caching Techniques for Information Filtering in
               Mobile Environments}},
  journal   = {Wireless Networks},
  volume    = {5},
  number    = {1},
  year      = {1999},
  pages     = {57-67},
  ee        = {http://dx.doi.org/10.1023/A:1019118104364},
  bibsource = {DBLP, http://dblp.uni-trier.de}
}

@article{journals/tmc/KuZW08,
    author    = {Wei-Shinn Ku and
                Roger Zimmermann and
                Haixun Wang},
    title     = {{Location-Based Spatial Query Processing in Wireless Broadcast Environments}},
    journal   = {IEEE Trans. Mob. Comput.},
    volume    = {7},
    number    = {6},
    year      = {2008},
    pages     = {778-791}
}

@article{journals/vldb/ZhengLLLS09,
  author    = {Baihua Zheng and
               Wang-Chien Lee and
               Ken C. K. Lee and
               Dik Lun Lee and
               Min Shao},
  title     = {{A Distributed Spatial Index for Error-Prone Wireless Data
               Broadcast}},
  journal   = {VLDB J.},
  volume    = {18},
  number    = {4},
  year      = {2009},
  pages     = {959-986}
}

@inproceedings{conf/cikm/Hara02,
  author    = {Takahiro Hara},
  title     = {{Cooperative Caching by Mobile Clients in Push-Based Information
               Systems}},
  booktitle = {CIKM},
  year      = {2002},
  pages     = {186-193}
}

@inproceedings{conf/icde/BorzsonyiKS01,
  author    = {Stephan B{\"o}rzs{\"o}nyi and
               Donald Kossmann and
               Konrad Stocker},
  title     = {{The Skyline Operator}},
  booktitle = {ICDE},
  year      = {2001},
  pages     = {421-430}
}

@inproceedings{conf/icde/LinYWL05,
  author    = {Xuemin Lin and
               Yidong Yuan and
               Wei Wang 0011 and
               Hongjun Lu},
  title     = {{Stabbing the Sky: Efficient Skyline Computation Over Sliding
               Windows}},
  booktitle = {ICDE},
  year      = {2005},
  pages     = {502-513}
}

@article{journals/tkde/TaoP06,
  author    = {Yufei Tao and
               Dimitris Papadias},
  title     = {{Maintaining Sliding Window Skylines on Data Streams}},
  journal   = {IEEE Trans. Knowl. Data Eng.},
  volume    = {18},
  number    = {2},
  year      = {2006},
  pages     = {377-391}
}

@inproceedings{conf/edbt/BalkeGZ04,
  author    = {Wolf-Tilo Balke and
               Ulrich G{\"u}ntzer and
               Jason Xin Zheng},
  title     = {{Efficient Distributed Skylining for Web Information Systems}},
  booktitle = {EDBT},
  year      = {2004},
  pages     = {256-273}
}


@inproceedings{conf/dexa/HaKCL09,
  author    = {JongWoo Ha and
               Yoon Kwon and
               Jae-Ho Choi and
               SangKeun Lee},
  title     = {{Energy Efficient and Progressive Strategy for Processing
               Skyline Queries on Air}},
  booktitle = {DEXA},
  year      = {2009},
  pages     = {486-500}
}

@article{DBLP:journals/gis/PapadiasT97,
  author    = {Dimitris Papadias and
               Yannis Theodoridis},
  title     = {{Spatial Relations, Minimum Bounding Rectangles, and Spatial Data Structures}},
  journal   = {International Journal of Geographical Information Science},
  volume    = {11},
  number    = {2},
  year      = {1997},
  pages     = {111-138},
  ee        = {http://dx.doi.org/10.1080/136588197242428},
  bibsource = {DBLP, http://dblp.uni-trier.de}
}

@inproceedings{DBLP:conf/vldb/SellisRF87,
    author    = {Timos K. Sellis and
                Nick Roussopoulos and
                Christos Faloutsos},
    title     = {{The R+-Tree: A Dynamic Index for Multi-Dimensional Objects}},
    booktitle = {VLDB},
    year      = {1987},
    pages     = {507-518},
    bibsource = {DBLP, http://dblp.uni-trier.de}
}

@article{DBLP:journals/acta/FinkelB74,
  author    = {Raphael A. Finkel and
               Jon Louis Bentley},
  title     = {{Quad Trees: A Data Structure for Retrieval on Composite Keys}},
  journal   = {Acta Inf.},
  volume    = {4},
  year      = {1974},
  pages     = {1-9},
  ee        = {http://dx.doi.org/10.1007/BF00288933},
  bibsource = {DBLP, http://dblp.uni-trier.de}
}

@inproceedings{DBLP:conf/compgeom/Bentley90,
  author    = {Jon Louis Bentley},
  title     = {{K-d Trees for Semidynamic Point Sets}},
  booktitle = {Symposium on Computational Geometry},
  year      = {1990},
  pages     = {187-197},
  ee        = {http://doi.acm.org/10.1145/98524.98564},
  bibsource = {DBLP, http://dblp.uni-trier.de}
}

@article{journals/jacm/KungLP75,
  author    = {H. T. Kung and
               Fabrizio Luccio and
               Franco P. Preparata},
  title     = {{On Finding the Maxima of a Set of Vectors}},
  journal   = {J. ACM},
  volume    = {22},
  number    = {4},
  year      = {1975},
  pages     = {469-476}
}

@inproceedings{conf/vldb/GodfreySG05,
  author    = {Parke Godfrey and
               Ryan Shipley and
               Jarek Gryz},
  title     = {{Maximal Vector Computation in Large Data Sets}},
  booktitle = {VLDB},
  year      = {2005},
  pages     = {229-240}
}

@inproceedings{conf/cikm/ChenLY09,
  author    = {Baichen Chen and
               Weifa Liang and
               Jeffrey Xu Yu},
  title     = {{Progressive Skyline Query Evaluation and Maintenance in
               Wireless Sensor Networks}},
  booktitle = {CIKM},
  year      = {2009},
  pages     = {1445-1448}
}

@inproceedings{conf/icde/KuZW07,
  author    = {Wei-Shinn Ku and
               Roger Zimmermann and
               Haixun Wang},
  title     = {{Location-based Spatial Queries with Data Sharing in Wireless
               Broadcast Environments}},
  booktitle = {ICDE},
  year      = {2007},
  pages     = {1355-1359}
}

@article{journals/tods/HjaltasonS99,
  author    = {G\'{\i}sli R. Hjaltason and Hanan Samet},
  title     = {{Distance Browsing in Spatial Databases}},
  journal   = {ACM Trans. Database Syst.},
  volume    = {24},
  number    = {2},
  year      = {1999},
  pages     = {265-318}
}


@inproceedings{conf/pods/PagelSTW93,
  author    = {Bernd-Uwe Pagel and
               Hans-Werner Six and
               Heinrich Toben and
               Peter Widmayer},
  title     = {{Towards an Analysis of Range Query Performance in Spatial
               Data Structures}},
  booktitle = {PODS},
  year      = {1993},
  pages     = {214-221}
}

@misc{hdbms,
  author = {Wikipedia},
  title  = {{Hierarchical Database Model}},
  howpublished  = {https://en.wikipedia.org/wiki/Hierarchical\_database\_model}
}

@misc{ims,
  author = {IBM},
  title = {{IMS: Then and Today}},
  howpublished  = {http://idcp.marist.edu/pdfs/ztidbitz/22%20zTidBits%20(IMS_Then&ToDay).pdf}
}

@book{intro_ims,
 author = {Meltz, Dean and Long, Rick and Harrington, Mark and Hain, Robert and Nicholls, Geoff},
 title = {{An Introduction to IMS(TM): Your Complete Guide to IBM's Information Management System}},
 year = {2004},
 isbn = {0131856715},
 publisher = {IBM Press},
} 

@book{expert_sql_server,
  author = {Machanic, Adam},
  title = {{Expert SQL Server 2008 Development}},
  year = {2010},
  publisher = {Apress}
}