@article{Stillerman20061905,
title = "Digital real-time plasma control system for Alcator C-Mod ",
journal = "Fusion Engineering and Design ",
volume = "81",
number = "15â€“17",
pages = "1905 - 1910",
year = "2006",
note = "5th \{IAEA\} \{TM\} on Control, Data Acquisition, and Remote Participation for Fusion Research 5th \{IAEA\} \{TM\} 5th \{IAEA\} \{TM\} on Control, Data Acquisition and Remote Participation for Fusion Research ",
issn = "0920-3796",
doi = "http://dx.doi.org/10.1016/j.fusengdes.2006.04.054",
url = "http://www.sciencedirect.com/science/article/pii/S0920379606000767",
author = "J.A. Stillerman and M. Ferrara and T.W. Fredian and S.M. Wolfe",
keywords = "Plasma control",
keywords = "Data acquisition",
keywords = "Alcator",
keywords = "\{MDSplus\} "
}

