@article{fredian1997data,
    title={{Data Acquisition System for Alcator C-Mod}},
    author={Fredian, Thomas W and Stillerman, JA and Greenwald, Martin},
    journal={Review of scientific instruments},
    volume={68},
    number={1},
    pages={935--938},
    year={1997},
    publisher={AIP Publishing}
}

@inproceedings{horne1993performance,
    title={{Performance of the C-Mod Shape Control System}},
    author={Horne, S and Greenwald, M and Hutchinson, I and Wolfe, S and Tinios, G and Fredian, T and Stillerman, J},
    booktitle={Fusion Engineering, 1993., 15th IEEE/NPSS Symposium on},
    volume={1},
    pages={242--245},
    year={1993},
    organization={IEEE}
}

@article{Stillerman20061905,
    title = {{Digital Real-Time Plasma Control System for Alcator C-Mod}},
    journal = "Fusion Engineering and Design ",
    volume = "81",
    number = "15â€“17",
    pages = "1905 - 1910",
    year = "2006",
    issn = "0920-3796",
    doi = "http://dx.doi.org/10.1016/j.fusengdes.2006.04.054",
    url = "http://www.sciencedirect.com/science/article/pii/S0920379606000767",
    author = "J.A. Stillerman and M. Ferrara and T.W. Fredian and S.M. Wolfe",
    keywords = "Plasma control",
    keywords = "Data acquisition",
    keywords = "Alcator",
    keywords = "\{MDSplus\} "
}