@article{greenfield1990real,
  title={{Real-Time Digital Control, Data Acquisition, and Analysis System for the DIII-D Multipulse Thomson Scattering Diagnostic}},
  author={Greenfield, CM and Campbell, GL and Carlstrom, TN and DeBoo, JC and Hsieh, C-L and Snider, RT and Trost, PK},
  journal={Review of Scientific Instruments},
  volume={61},
  number={10},
  pages={3286--3288},
  year={1990},
  publisher={AIP Publishing}
}