@article{konishi2002demo,
  title={{DEMO} plant design beyond {ITER}},
  author={Konishi, Satoshi and Nishio, Satoshi and Tobita, Kenji},
  journal={Fusion engineering and design},
  volume={63},
  pages={11--17},
  year={2002},
  publisher={Elsevier}
}
