@misc{website:epics,
      author = "Advance Photon Source Argonne National Laboratory",
      title = "Experimental Physics and Industrial Control System",
      month = "February",
      year = "2015",
      url = "http://www.aps.anl.gov/epics",
      howpublished = "http://www.aps.anl.gov/epics"
}

@misc{lecture:johnson_intro_to_epics,
      author = "Johnson, Andrew",
      title = "Introduction to EPICS",
      month = "September",
      year = "2014",
      url = "http://www.aps.anl.gov/epics/docs/APS2014/01-Introduction-to-EPICS.pdf",
      howpublished = "http://www.aps.anl.gov/epics/docs/APS2014/01-Introduction-to-EPICS.pdf"
}

@inproceedings{dalesio1991epics,
  title={EPICS architecture},
  author={Dalesio, Leo R and Kraimer, MR and Kozubal, AJ},
  booktitle={ICALEPCS},
  volume={91},
  pages={92--15},
  year={1991}
}