@inproceedings{di2011codac,
  title={{The CODAC Software Distribution for the ITER Plant Systems}},
  author={Di Maio, F and Abadie, L and Kim, C and Mahajan, K and Makijarvi, P and Stepanov, D and Utzel, N and Wallander, A},
  booktitle={13th International Conference on Accelerator and Large Experimental Physics Control Systems},
  volume={5},
  year={2011}
}

@article{dietz1996iter,
  title={{The ITER Fusion Experiment}},
  author={Dietz, J and Team, The {ITER} Joint Central},
  journal={Vacuum},
  volume={47},
  number={6},
  pages={911--918},
  year={1996},
  publisher={Elsevier}
}
