@misc{website:labview,
      author = "National Instruments",
      title = {{LabVIEW System Design Software}},
      month = "November",
      year = "2015",
      url = "http://www.ni.com/labview/",
      howpublished = "http://www.ni.com/labview/"
}