@techreport{iiyoshi1990design,
  title={{Design Study of the Large Helical Device}},
  author={Iiyoshi, Atsuo and Fujiwara, Masami and Motojima, Osamu and Todoroki, J and Ohyabu, N and Yamazaki, K},
  year={1990},
  institution={National Inst. for Fusion Science, Nagoya (Japan)}
}

@article{iiyoshi1999overview,
  title={{Overview of the Large Helical Device Project}},
  author={Iiyoshi, Atsuo and Komori, A and Ejiri, A and Emoto, M and Funaba, H and Goto, M and Ida, K and Idei, H and Inagaki, S and Kado, S and others},
  journal={Nuclear Fusion},
  volume={39},
  number={9Y},
  pages={1245},
  year={1999},
  publisher={IOP Publishing}
}

@article{hideya2003steady,
  title={{Steady-State Data Acquisition Method for LHD Diagnostics}},
  author={Hideya, Nakanishi and Mamoru, Kojima and Masaki, Ohsuna and Seiji, Komada and Miki, Nonomura and Masanobu, Yoshida and Setsuo, Imazu and Shigeru, Sudo},
  journal={Fusion engineering and design},
  volume={66},
  pages={827--832},
  year={2003},
  publisher={Elsevier}
}

@article{nakanishi2000object,
  title={{Object-Oriented Data Handling and OODB Operation of LHD Mass Data Acquisition System}},
  author={Nakanishi, H and Emoto, M and Kojima, M and Ohsuna, M and Komada, S},
  journal={Fusion engineering and design},
  volume={48},
  number={1},
  pages={135--142},
  year={2000},
  publisher={Elsevier}
}

@article{nagayama2008control,
  title={{Control, Data Acquisition, Data Analysis and Remote Participation in LHD}},
  author={Nagayama, Y and Emoto, M and Nakanishi, H and Sudo, S and Imazu, S and Inagaki, S and Iwata, C and Kojima, M and Nonomura, M and Ohsuna, M and others},
  journal={Fusion Engineering and Design},
  volume={83},
  number={2},
  pages={170--175},
  year={2008},
  publisher={Elsevier}
}

@article{sudo2006control,
  title={{Control, Data Acquisition and Remote Participation for Steady-State Operation in LHD}},
  author={Sudo, S and Nagayama, Y and Emoto, M and Nakanishi, H and Chikaraishi, H and Imazu, S and Iwata, C and Kogi, Y and Kojima, M and Komada, S and others},
  journal={Fusion engineering and design},
  volume={81},
  number={15},
  pages={1713--1721},
  year={2006},
  publisher={Elsevier}
}