@article{stillerman1997mdsplus,
  title={{MDSplus Data Acquisition System}},
  author={Stillerman, JA and Fredian, TW and Klare, KA and Manduchi, G},
  journal={Review of Scientific Instruments},
  volume={68},
  number={1},
  pages={939--942},
  year={1997},
  publisher={AIP Publishing},
  keywords={CAMAC;client-server systems;data acquisition;data visualisation;distributed databases;physics computing;software tools;tree data structures;0705Hd;0705Wr;5270-m;DATA ACQUISITION SYSTEMS;DATA ANALYSIS;DESIGN;PLASMA DIAGNOSTICS}, 
  doi={10.1063/1.1147719}, 
  ISSN={0034-6748},
}