@article{ono2000exploration,
  title={{Exploration of Spherical Torus Physics in the {NSTX} Device}},
  author={Ono, Masayuki and Kaye, SM and Peng, Y-KM and Barnes, G and Blanchard, W and Carter, MD and Chrzanowski, J and Dudek, L and Ewig, R and Gates, D and others},
  journal={Nuclear Fusion},
  volume={40},
  number={3Y},
  pages={557},
  year={2000},
  publisher={IOP Publishing}
}

@article{sichta2001overview,
  title={{Overview of the NSTX Control System}},
  author={Sichta, Paul and Dong, J and Oliaro, G and Roney, P},
  journal={arXiv preprint cs/0111055},
  year={2001}
}

@inproceedings{gates2000initialnstx,
  author    = {D. Gates and
               M. Bell and
               J. Ferron and
               S. Kaye and
               J. Mendard and
               D. Mueller},
  title     = {{Initial Operation of NSTX with Plasma Control}},
  booktitle = {EPS Conference on Control Fusion and Plasma Physics},
  year      = {2000}
}
