@article{0029-5515-25-9-003,
  author={P.H. Rebut and R.J. Bickerton and B.E. Keen},
  title={{The Joint European Torus: Installation, First Results and Prospects}},
  journal={Nuclear Fusion},
  volume={25},
  number={9},
  pages={1011},
  url={http://stacks.iop.org/0029-5515/25/i=9/a=003},
  year={1985},
}

@article{0741-3335-54-12-124034,
  author={E Thomas Jr and R L Merlino and M Rosenberg},
  title={{Magnetized Dusty Plasmas: The Next Frontier for Complex Plasma Research}},
  journal={Plasma Physics and Controlled Fusion},
  volume={54},
  number={12},
  pages={124034},
  url={http://stacks.iop.org/0741-3335/54/i=12/a=124034},
  year={2012},
 }

@article{:/content/aip/journal/rsi/56/5/10.1063/1.1138006,
   author = "Sauthoff, N. R. and Daniels, R. E. and PPL Computer Division",
   title = {{TFTR Diagnostic Control and Data Acquisition System}},
   journal = "Review of Scientific Instruments",
   year = "1985",
   volume = "56",
   number = "5",
   pages = "963--965",
   url = "http://scitation.aip.org/content/aip/journal/rsi/56/5/10.1063/1.1138006",
   doi = "http://dx.doi.org/10.1063/1.1138006" 
}

@INPROCEEDINGS{534283, 
  author={Kalish, M. and LaMarche, P. and Viola, M. and Anderson, J.L. and Ciebiera, L. and Rossmassler, R. and Walters, R.T. and Langish, S. and Casey, M.}, 
  booktitle={Fusion Engineering, 1995. SOFE '95. Seeking a New Energy Era., 16th IEEE/NPSS Symposium}, 
  title={{Design Improvements and Lessons Learned for the TFTR Tritium Cleanup and Gas Holding Tank Sampling systems}}, 
  year={1995}, 
  month={Sep}, 
  volume={1}, 
  pages={556-559}, 
  keywords={Tokamak devices;fusion reactor design;fusion reactors;leak detection;nuclear reactor maintenance;reliability;tritium;tritium handling;vacuum pumps;Gas Holding Tank;Pt;Pt catalyst;SF6;Sample Loops;TFTR;Tritium Cleanup System;catalyst;diagnostic;flow control;leaks;maintenance;metal bellows vacuum pumps;reliability;service ports;Bellows;Control systems;Gas insulation;Hardware;Hydrogen;Instruments;Maintenance;Molecular sieves;Platinum;Sulfur hexafluoride}, 
  doi={10.1109/FUSION.1995.534283},
}

@article{blackler1994jet,
  title={{The JET Fast Central Acquisition and Trigger System}},
  author={Blackler, K and Edwards, AW},
  journal={Nuclear Science, IEEE Transactions on},
  volume={41},
  number={1},
  pages={111--116},
  year={1994},
  publisher={IEEE}
}

@article{hogben2008interfacing,
  title={{Interfacing to JET Plant Equipment Using the HTTP Protocol}},
  author={Colin Hogben and FS Hogben},
  journal={JDN/H (02)},
  issue={1},
  volume={11},
  year={2008},
  month={4}
}

@article{PLA:9579370,
author = {Thomas,E. Jr. and Konopka,U. and Artis,D. and Lynch,B. and Leblanc,S. and Adams,S. and Merlino,R. L. and Rosenberg,M.},
title = {{The Magnetized Dusty Plasma Experiment (MDPX)}},
journal = {Journal of Plasma Physics},
volume = {FirstView},
month = {3},
year = {2015},
issn = {1469-7807},
pages = {1--21},
numpages = {21},
doi = {10.1017/S0022377815000148},
URL = {http://journals.cambridge.org/article_S0022377815000148},
}

@ARTICLE{thomas2013, 
author={Thomas, E. and Merlino, R.L. and Rosenberg, M.}, 
journal={Plasma Science, IEEE Transactions on}, 
title={{Design Criteria for the Magnetized Dusty Plasma eXperiment}},
year={2013}, 
volume={41}, 
number={4}, 
pages={811--815}, 
keywords={dusty plasmas;plasma devices;plasma magnetohydrodynamics;Auburn University;extended plasma volume;magnetic field effects;magnetized dusty plasma experiment device;multiuser facility;operating parameters;programmable linear magnetic field gradients;variable magnetic field geometries;Dusty plasma;Educational institutions;Magnetic devices;Magnetic levitation;Magnetic resonance imaging;Dusty plasma;magnetic field;magnetized dusty plasma}, 
doi={10.1109/TPS.2012.2236360}, 
ISSN={0093-3813}
}


@article{burke1983gas,
  title={{The Gas-Grain Interaction in the Interstellar Medium-Thermal Accommodation and Trapping}},
  author={Burke, JR and Hollenbach, DJ},
  journal={The Astrophysical Journal},
  volume={265},
  pages={223--234},
  year={1983}
}

@article{Davis2004183,
title = {{DbAccess: Interactive Statistics and Graphics for Plasma Physics Databases}},
journal = "Fusion Engineering and Design",
volume = "71",
number = "1-4",
pages = "183--188",
year = "2004",
issn = "0920-3796",
doi = "http://dx.doi.org/10.1016/j.fusengdes.2004.04.031",
url = "http://www.sciencedirect.com/science/article/pii/S0920379604000432",
author = "W Davis and D Mastrovito",
}

@article{eddy1979new,
  title={{New Sun: The Solar Results From Skylab. NASA SP-402}},
  author={Eddy, John A and Ise, Rein},
  journal={Nasa special publication},
  volume={402},
  year={1979}
}

@article{gibson1977jet,
  title={{The JET Project}},
  author={Gibson, A},
  journal={Atom (London)},
  volume={9},
  number={7},
  year={1977}
}

@article{goertz1983model,
  title={{A Model for the Formation of Spokes in Saturn's Ring}},
  author={Goertz, CK and Morfill, G},
  journal={Icarus},
  volume={53},
  number={2},
  pages={219--229},
  year={1983},
  publisher={Elsevier}
}

@article{gurnett1983micron,
  title={{Micron-Sized Particles Detected Near Saturn by the Voyager Plasma Wave Instrument}},
  author={Gurnett, Donald A and Gr{\"u}n, E and Gallagher, D and Kurth, WS and Scarf, FL},
  journal={Icarus},
  volume={53},
  number={2},
  pages={236--254},
  year={1983},
  publisher={Elsevier}
}

@article{Krom1999265,
  title = {{The Evolution of Control and Data Acquisition at JET}},
  journal = "Fusion Engineering and Design ",
  volume = "43",
  number = "3-4",
  pages = "265--273",
  year = "1999",
  issn = "0920-3796",
  doi = "http://dx.doi.org/10.1016/S0920-3796(98)00394-9",
  url = "http://www.sciencedirect.com/science/article/pii/S0920379698003949",
  author = "J.G Krom"
}

@article{mestel1956star,
  title={{Star Formation in Magnetic Dust Clouds}},
  author={Mestel, L and Spitzer, L},
  journal={Monthly Notices of the Royal Astronomical Society},
  volume={116},
  number={5},
  pages={503--514},
  year={1956},
  publisher={Oxford University Press}
}

@article{niedner1978interplanetary,
  title={{Interplanetary Gas. XXII-Plasma Tail Disconnection Events in Comets-Evidence for Magnetic Field Line Reconnection at Interplanetary Sector Boundaries}},
  author={Niedner Jr, MB and Brandt, JC},
  journal={The Astrophysical Journal},
  volume={223},
  pages={655--670},
  year={1978}
}

@article{Parker1995-PARPPA,
	author = {E. N. Parker},
	journal = {Foundations of Physics},
	volume = {25},
	title = {{Plasma Physics: An Introduction to the Theory of Astrophysical, Geophysical, and Laboratory Plasma}},
	year = {1995},
	pages = {517--517}
}

@article{PhysRevLett.72.3526,
  title = {{Fusion Power Production from TFTR Plasmas Fueled with Deuterium and Tritium}},
  author = {Strachan, J. D. and Adler, H. and Alling, P. and Ancher, C. and Anderson, H. and Anderson, J. L. and Ashcroft, D. and Barnes, Cris W. and Barnes, G. and Batha, S. and Bell, M. G. and Bell, R. and Bitter, M. and Blanchard, W. and Bretz, N. L. and Budny, R. and Bush, C. E. and Camp, R. and Caorlin, M. and Cauffman, S. and Chang, Z. and Cheng, C. Z. and Collins, J. and Coward, G. and Darrow, D. S. and DeLooper, J. and Duong, H. and Dudek, L. and Durst, R. and Efthimion, P. C. and Ernst, D. and Fisher, R. and Fonck, R. J. and Fredrickson, E. and Fromm, N. and Fu, G. Y. and Furth, H. P. and Gentile, C. and Gorelenkov, N. and Grek, B. and Grisham, L. R. and Hammett, G. and Hanson, G. R. and Hawryluk, R. J. and Heidbrink, W. and Herrmann, H. W. and Hill, K. W. and Hosea, J. and Hsuan, H. and Janos, A. and Jassby, D. L. and Jobes, F. C. and Johnson, D. W. and Johnson, L. C. and Kamperschroer, J. and Kugel, H. and Lam, N. T. and LaMarche, P. H. and Loughlin, M. J. and LeBlanc, B. and Leonard, M. and Levinton, F. M. and Machuzak, J. and Mansfield, D. K. and Martin, A. and Mazzucato, E. and Majeski, R. and Marmar, E. and McChesney, J. and McCormack, B. and McCune, D. C. and McGuire, K. M. and McKee, G. and Meade, D. M. and Medley, S. S. and Mikkelsen, D. R. and Mueller, D. and Murakami, M. and Nagy, A. and Nazikian, R. and Newman, R. and Nishitani, T. and Norris, M. and O'Connor, T. and Oldaker, M. and Osakabe, M. and Owens, D. K. and Park, H. and Park, W. and Paul, S. F. and Pearson, G. and Perry, E. and Petrov, M. and Phillips, C. K. and Pitcher, S. and Ramsey, A. T. and Rasmussen, D. A. and Redi, M. H. and Roberts, D. and Rogers, J. and Rossmassler, R. and Roquemore, A. L. and Ruskov, E. and Sabbagh, S. A. and Sasao, M. and Schilling, G. and Schivell, J. and Schmidt, G. L. and Scott, S. D. and Sissingh, R. and Skinner, C. H. and Snipes, J. A. and Stevens, J. and Stevenson, T. and Stratton, B. C. and Synakowski, E. and Tang, W. and Taylor, G. and Terry, J. L. and Thompson, M. E. and Tuszewski, M. and Vannoy, C. and von Halle, A. and von Goeler, S. and Voorhees, D. and Walters, R. T. and Wieland, R. and Wilgen, J. B. and Williams, M. and Wilson, J. R. and Wong, K. L. and Wurden, G. A. and Yamada, M. and Young, K. M. and Zarnstorff, M. C. and Zweben, S. J.},
  journal = {Phys. Rev. Lett.},
  volume = {72},
  issue = {22},
  pages = {3526--3529},
  numpages = {0},
  year = {1994},
  month = {May},
  publisher = {American Physical Society},
  doi = {10.1103/PhysRevLett.72.3526},
  url = {http://link.aps.org/doi/10.1103/PhysRevLett.72.3526}
}

@article{Rebut199585,
  title = {{ITER: The First Experimental Fusion Reactor}},
  journal = "Fusion Engineering and Design ",
  volume = "30",
  number = "1â€“2",
  pages = "85 - 118",
  year = "1995",
  note = "",
  issn = "0920-3796",
  doi = "http://dx.doi.org/10.1016/0920-3796(94)00403-T",
  url = "http://www.sciencedirect.com/science/article/pii/092037969400403T",
  author = "P.-H. Rebut"
}

@book{shukla2010introduction,
  title={{Introduction to Dusty Plasma Physics}},
  author={Shukla, Padma K and Mamun, AA},
  year={2010},
  publisher={CRC Press}
}

@article{tonks1929oscillations,
  title={{Oscillations in Ionized Gases}},
  author={Tonks, Lewi and Langmuir, Irving},
  journal={Physical Review},
  volume={33},
  number={2},
  pages={195},
  year={1929},
  publisher={APS}
}

@article{van1987codas,
  title={{CODAS: The JET control and data acquisition system}},
  author={Van der Beken, H and Best, CH and Fullard, K and Herzog, RF and Jones, EM and Stead, CA},
  journal={IEEE Transactions on Nuclear Science}, 
  year={1987}
}

@misc{website:jet_ccfe,
  author={Culham Centre for Fusion Energy},
  title={{The Joint European Torus}},
  url = "http://www.ccfe.ac.uk/JET.aspx"
}

@misc{website:Weiss2013voyager,
      author = "Weiss, Peter and Ramsayer, Kate",
      title = {{Voyager 1 has Entered a New Region of Space, Sudden Changes in Cosmic Rays Indicate}},
      month = "March",
      year = "2013",
      url = "https://web.archive.org/web/20130322025117/http://www.agu.org/news/press/pr_archives/2013/2013-11.shtml"
}

@misc{website:Cook2013voyager,
      author = "Cook, Jia-Rui",
      title = {{How Do We Know When Voyager Reaches Interstellar Space?}},
      date  = "12",
      month = "September",
      year = "2013",
      url = "http://www.jpl.nasa.gov/news/news.php?release=2013-278"
}

@inproceedings{thusoo2010data,
  title={{Data Warehousing and Analytics Infrastructure at Facebook}},
  author={Thusoo, Ashish and Shao, Zheng and Anthony, Suresh and Borthakur, Dhruba and Jain, Namit and Sen Sarma, Joydeep and Murthy, Raghotham and Liu, Hao},
  booktitle={Proceedings of the 2010 ACM SIGMOD International Conference on Management of data},
  pages={1013--1020},
  year={2010},
  organization={ACM}
}

@misc{winterford_twitter_mysql,
      author = "Winterford, Brett",
      title = {{Twitter, PayPal Reveal Database Performance}},
      month = "October",
      year = "2012",
      url = "http://www.itnews.com.au/News/317811,twitter-paypal-reveal-database-performance.aspx",
      howpublished = "http://www.itnews.com.au/News/317811,twitter-paypal-reveal-database-performance.aspx"
}

@misc{jackson_youtube_mysql,
      author = "Jackson, Joab",
      title = {{YouTube Scales MySQL with Go Code}},
      month = "December",
      year = "2012",
      url = "http://www.computerworld.com/article/2493815/database-administration/youtube-scales-mysql-with-go-code.html",
      howpublished = "http://www.computerworld.com/article/2493815/database-administration/youtube-scales-mysql-with-go-code.html"
}