@article{wegener2009status,
  title={{Status of Wendelstein 7-X Construction}},
  author={Wegener, L},
  journal={Fusion Engineering and Design},
  volume={84},
  number={2},
  pages={106--112},
  year={2009},
  publisher={Elsevier}
}

@article{hirsch2008major,
  title={{Major Results from the Stellarator Wendelstein 7-AS}},
  author={Hirsch, M and Baldzuhn, J and Beidler, C and Brakel, R and Burhenn, R and Dinklage, A and Ehmler, H and Endler, M and Erckmann, V and Feng, Y and others},
  journal={Plasma Physics and Controlled Fusion},
  volume={50},
  number={5},
  pages={053001},
  year={2008},
  publisher={IOP Publishing}
}

@article{bosch2010construction,
  title={{Construction of Wendelstein 7-X--Engineering a Steady-State Stellarator}},
  author={Bosch, H-S and Erckmann, V and Konig, Ralf WT and Schauer, Felix and Stadler, Reinhold J and Werner, A},
  journal={Plasma Science, IEEE Transactions on},
  volume={38},
  number={3},
  pages={265--273},
  year={2010},
  publisher={IEEE}
}

@article{schacht2007overview,
  title={{Overview and Status of the Control System of WENDELSTEIN 7-X}},
  author={Schacht, J{\"o}rg and Laqua, Heike and Lewerentz, Marc and M{\"u}ller, Ina and Pingel, Steffen and Spring, Anett and W{\"o}lk, Andreas},
  journal={Fusion Engineering and Design},
  volume={82},
  number={5},
  pages={988--994},
  year={2007},
  publisher={Elsevier}
}