
@inproceedings{Guttman84,
    author = "Antomn Guttman",
    title = "R-{T}rees: {A} {D}ynamic {I}ndex {S}tructure for {S}patial {S}earching",
    booktitle = sigmod,
    address = {Boston, Massachusetts},
    month = {June 18-21,},
    pages = "47-57",
    year = "1984"}

@InBook{Samet90,
        Editor={Hanan Samet},
        Title={The Design and Analysis of Spatial Data Structures},
        Publisher={Addison-Wesley},
        Year={1990},
        Pages = {200--211}}

@misc{blue05,
    Author="Bluetooth {S}pecification {D}ocuments",
    Title="{URL:} https://www.bluetooth.org/qualification/",
        text="{URL:} https://www.bluetooth.org/qualification/",
    Month="",
    Year="2005"}

@misc{tiger04,
    Author="U.S. Census Bureau -TIGER/Lines",
    Title="{URL:} http://www.census.gov/geo/www/tiger/",
        text="{URL:} http://www.census.gov/geo/www/tiger/",
    Month="",
    Year="2004"}

@Book{berg00,
    Author={M. de Berg and M. van Kreveld and M. Overmars and O. Schwarzkopf},
    Title={Computational {G}eometry {A}lgorithms and {A}pplications (2nd {E}dition)},
    Publisher={Springer},
    Year={2000}}

@article{HjaltasonS99,
  author    = {G\'{\i}sli R. Hjaltason and
               Hanan Samet},
  title     = {Distance Browsing in Spatial Databases.},
  journal   = {ACM Trans. Database Syst.},
  volume    = {24},
  number    = {2},
  year      = {1999},
  pages     = {265-318}
}

% Internet Computing 2011

@article{journals/vldb/NeumannW10,
  author    = {Thomas Neumann and
               Gerhard Weikum},
  title     = {{The RDF-3X engine for scalable management of RDF data}},
  journal   = {VLDB J.},
  volume    = {19},
  number    = {1},
  year      = {2010},
  pages     = {91-113}
}

@inproceedings{conf/www/AtreCZH10,
  author    = {Medha Atre and
               Vineet Chaoji and
               Mohammed J. Zaki and
               James A. Hendler},
  title     = {{Matrix "Bit" loaded: a scalable lightweight join query processor
               for RDF data}},
  booktitle = {WWW},
  year      = {2010},
  pages     = {41-50}
}

@article{journals/pvldb/WeissKB08,
  author    = {Cathrin Weiss and
               Panagiotis Karras and
               Abraham Bernstein},
  title     = {Hexastore: sextuple indexing for semantic web data management},
  journal   = {PVLDB},
  volume    = {1},
  number    = {1},
  year      = {2008},
  pages     = {1008-1019}
}

@misc{IEMR2010,
  author = {IE Market Research Corp.},
  title  = {{3Q.2010 Global GPS Navigation and Location Based Services Forecast}},
  month  = {July},
  year   = {2010},
  howpublished  = {http://www.iemarketresearch.com/}
}

@article{journals/cacm/JunglasW08,
  author    = {Iris A. Junglas and
               Richard T. Watson},
  title     = {Location-based services},
  journal   = {Commun. ACM},
  volume    = {51},
  number    = {3},
  year      = {2008},
  pages     = {65-69}
}

@article{journals/pervasive/BellavistaKH08,
  author    = {Paolo Bellavista and
               Axel K{\"u}pper and
               Sumi Helal},
  title     = {{Location-Based Services: Back to the Future}},
  journal   = {IEEE Pervasive Computing},
  volume    = {7},
  number    = {2},
  year      = {2008},
  pages     = {85-89}
}

@inproceedings{conf/gis/BrodtNM10,
  author    = {Andreas Brodt and
               Daniela Nicklas and
               Bernhard Mitschang},
  title     = {Deep integration of spatial query processing into native
               RDF triple stores},
  booktitle = {GIS},
  year      = {2010},
  pages     = {33-42}
}

@misc{SemanticWeb,
  author = {World Wide Web Consortium (W3C)},
  title  = {{Semantic Web Standards}},
  month  = {March},
  year   = {2011},
  howpublished  = {http://www.w3.org/standards/semanticweb/}
}

@misc{RDF,
  author = {World Wide Web Consortium (W3C)},
  title  = {{Resource Description Framework (RDF)}},
  month  = {February},
  year   = {2004},
  howpublished  = {http://www.w3.org/RDF/}
}

@misc{SPARQL,
  author = {World Wide Web Consortium (W3C)},
  title  = {{SPARQL Query Language for RDF}},
  month  = {January},
  year   = {2008},
  howpublished  = {http://www.w3.org/TR/rdf-sparql-query/}
}


@inproceedings{conf/www/CarrollDDRSW04,
  author    = {Jeremy J. Carroll and
               Ian Dickinson and
               Chris Dollin and
               Dave Reynolds and
               Andy Seaborne and
               Kevin Wilkinson},
  title     = {Jena: implementing the semantic web recommendations},
  booktitle = {WWW},
  year      = {2004},
  pages     = {74-83}
}

@inproceedings{conf/vldb/AbadiMMH07,
  author    = {Daniel J. Abadi and
               Adam Marcus and
               Samuel Madden and
               Katherine J. Hollenbach},
  title     = {Scalable Semantic Web Data Management Using Vertical Partitioning},
  booktitle = {VLDB},
  year      = {2007},
  pages     = {411-422}
}

@inproceedings{conf/vldb/ChongDES05,
  author    = {Eugene Inseok Chong and
               Souripriya Das and
               George Eadon and
               Jagannathan Srinivasan},
  title     = {{An Efficient SQL-based RDF Querying Scheme}},
  booktitle = {VLDB},
  year      = {2005},
  pages     = {1216-1227}
}

@article{journals/tods/PerezAG09,
  author    = {Jorge P{\'e}rez and
               Marcelo Arenas and
               Claudio Gutierrez},
  title     = {Semantics and complexity of {SPARQL}},
  journal   = {ACM Trans. Database Syst.},
  volume    = {34},
  number    = {3},
  year      = {2009}
}

@article{journals/tkde/MoonJFS01,
  author    = {Bongki Moon and
               H. V. Jagadish and
               Christos Faloutsos and
               Joel H. Saltz},
  title     = {{Analysis of the Clustering Properties of the Hilbert Space-Filling
               Curve}},
  journal   = {IEEE Trans. Knowl. Data Eng.},
  volume    = {13},
  number    = {1},
  year      = {2001},
  pages     = {124-141}
}

@article{journals/csur/IlarriMI10,
  author    = {Sergio Ilarri and
               Eduardo Mena and
               Arantza Illarramendi},
  title     = {{Location-dependent query processing: Where we are and where
               we are heading}},
  journal   = {ACM Comput. Surv.},
  volume    = {42},
  number    = {3},
  year      = {2010}
}

@inproceedings{conf/sigmod/Guttman84,
  author    = {Antonin Guttman},
  title     = {{R-Trees: A Dynamic Index Structure for Spatial Searching}},
  booktitle = {SIGMOD Conference},
  year      = {1984},
  pages     = {47-57}
}

% Internet Computing 2011 R1

@inproceedings{conf/esws/KoubarakisK10,
  author    = {Manolis Koubarakis and
               Kostis Kyzirakos},
  title     = {{Modeling and Querying Metadata in the Semantic Sensor Web:
               The Model stRDF and the Query Language stSPARQL}},
  booktitle = {ESWC (1)},
  year      = {2010},
  pages     = {425-439}
}

@inproceedings{KyzirakosKK10,
  author    = {Kostis Kyzirakos and
               Manos Karpathiotakis and
               Manolis Koubarakis},
  title     = {{Developing Registries for the Semantic Sensor Web
               using stRDF and stSPARQL}},
  booktitle = {International Workshop on Semantic Sensor Networks},
  year      = {2010}
}

@incollection{reference/gis/HadjieleftheriouMTT08,
  author    = {Marios Hadjieleftheriou and
               Yannis Manolopoulos and
               Yannis Theodoridis and
               Vassilis J. Tsotras},
  title     = {{R-Trees - A Dynamic Index Structure for Spatial Searching}},
  booktitle = {Encyclopedia of GIS},
  publisher = {Springer},
  year      = {2008},
  pages     = {993-1002}
}

@inproceedings{conf/semweb/KolasS07,
  author    = {Dave Kolas and
               Troy Self},
  title     = {{Spatially-Augmented Knowledgebase}},
  booktitle = {ISWC/ASWC},
  year      = {2007},
  pages     = {792-801}
}

@incollection{Perry08,
  author = {Matthew S. Perry},
  title = {{A Framework to Support Spatial, Temporal and Thematic
  Analytics over Semantic Web Data}},
  year = {2008},
  address = {Wright State University},
}

@incollection{Perry11,
  author = {Matthew Perry and
            Prateek Jain and
            Amit P. Sheth},
  title = {{SPARQL-ST: Extending SPARQL to Support Spatiotemporal Queries}},
  booktitle = {Geospatial Semantics and the Semantic Web},
  publisher = {Springer},
  year = {2011}
}


@inproceedings{conf/SSWS09,
  author    = {Dave Kolas and
               Ian Emmons and
               Mike Dean},
  title     = {{Efficient Linked-List RDF Indexing in Parliament}},
  booktitle = {International Workshop on Scalable Semantic Web Knowledge Base Systems},
  year      = {2009},
  pages     = {17-32}
}

@misc{GeoSPARQL,
  author = {Open Geospatial Consortium},
  title  = {{OGC GeoSPARQL - A Geographic Query Language for RDF Data}},
  month  = {July},
  year   = {2011},
  howpublished  = {http://www.opengeospatial.org/standards/requests/80}
}

@inproceedings{conf/semweb/KolasS07,
  author    = {Dave Kolas and
               Troy Self},
  title     = {{Spatially-Augmented Knowledgebase}},
  booktitle = {ISWC/ASWC},
  year      = {2007},
  pages     = {792-801}
}

@article{journals/internet/WoenselCPT11,
  author    = {William Van Woensel and
               Sven Casteleyn and
               Elien Paret and
               Olga De Troyer},
  title     = {{Mobile Querying of Online Semantic Web Data for Context-Aware
               Applications}},
  journal   = {IEEE Internet Computing},
  volume    = {15},
  number    = {6},
  year      = {2011},
  pages     = {32-39}
}
