@article{Aho1979,
 author = {Aho, A. V. and Beeri, C. and Ullman, J. D.},
 title = {The Theory of Joins in Relational Databases},
 journal = {ACM Trans. Database Syst.},
 issue_date = {Sept. 1979},
 volume = {4},
 number = {3},
 month = sep,
 year = {1979},
 issn = {0362-5915},
 pages = {297--314},
 numpages = {18},
 url = {http://doi.acm.org/10.1145/320083.320091},
 doi = {10.1145/320083.320091},
 acmid = {320091},
 publisher = {ACM},
 address = {New York, NY, USA},
 keywords = {decompositon of database schemes, functional dependenies, lossless join, multivalued dependencies, natural join, projection of dependencies, relational databases},
} 

@article{Mishra1992,
 author = {Mishra, Priti and Eich, Margaret H.},
 title = {Join Processing in Relational Databases},
 journal = {ACM Comput. Surv.},
 issue_date = {March 1992},
 volume = {24},
 number = {1},
 month = mar,
 year = {1992},
 issn = {0360-0300},
 pages = {63--113},
 numpages = {51},
 url = {http://doi.acm.org/10.1145/128762.128764},
 doi = {10.1145/128762.128764},
 acmid = {128764},
 publisher = {ACM},
 address = {New York, NY, USA},
 keywords = {database machines, distributed processing, join, parallel processing, relational algebra},
} 

@article{Stonebraker2010,
    author = {Stonebraker, Michael},
    title = {SQL Databases V. NoSQL Databases},
    journal = {Commun. ACM},
    issue_date = {April 2010},
    volume = {53},
    number = {4},
    month = apr,
    year = {2010},
    issn = {0001-0782},
    pages = {10--11},
    numpages = {2},
    url = {http://doi.acm.org/10.1145/1721654.1721659},
    doi = {10.1145/1721654.1721659},
    acmid = {1721659},
    publisher = {ACM},
    address = {New York, NY, USA},
}