
@article{journals/tkde/ImielinskiVB97,
  author    = {Tomasz Imielinski and
               S. Viswanathan and
               B. R. Badrinath},
  title     = {{Data on Air: Organization and Access}},
  journal   = {IEEE Trans. Knowl. Data Eng.},
  volume    = {9},
  number    = {3},
  year      = {1997},
  pages     = {353-372},
  ee        = {db/journals/tkde/ImielinskiVB97.html},
  bibsource = {DBLP, http://dblp.uni-trier.de}
}

@inproceedings{conf/cikm/HsuLC01,
  author    = {Chih-Hao Hsu and
               Guanling Lee and
               Arbee L. P. Chen},
  title     = {{A Near Optimal Algorithm for Generating Broadcast Programs
               on Multiple Channels}},
  booktitle = {CIKM},
  year      = {2001},
  pages     = {303-309}
}

@inproceedings{conf/cikm/YeeN03,
    author    = {Wai Gen Yee and
                Shamkant B. Navathe},
    title     = {Efficient {d}ata {a}ccess to {m}ulti-{c}hannel {b}roadcast {p}rograms},
    booktitle = {CIKM},
    year      = {2003},
    pages     = {153-160}
}

@inproceedings{conf/mobicom/HameedV97,
    author    = {Sohail Hameed and
                Nitin H. Vaidya},
    title     = {Log-{T}ime {A}lgorithms for {S}cheduling {S}ingle and {M}ultiple {C}hannel
                {D}ata {B}roadcast},
    booktitle = {MOBICOM},
    year      = {1997},
    pages     = {90-99}
}

@article{journals/pieee/Wong88,
  author    = {J. Wong},
  title     = {Broadcast Delivery},
  journal   = {Proceedings of the IEEE},
  volume    = {76},
  number    = {12},
  year      = {1988},
  pages     = {1566-1577},
  bibsource = {DBLP, http://dblp.uni-trier.de}
}

@article{journals/winet/LeeL99,
  author    = {Wang-Chien Lee and
               Dik Lun Lee},
  title     = {Signature caching techniques for information filtering in
               mobile environments},
  journal   = {Wireless Networks},
  volume    = {5},
  number    = {1},
  year      = {1999},
  pages     = {57-67},
  ee        = {http://dx.doi.org/10.1023/A:1019118104364},
  bibsource = {DBLP, http://dblp.uni-trier.de}
}

@article{journals/tmc/KuZW08,
    author    = {Wei-Shinn Ku and
                Roger Zimmermann and
                Haixun Wang},
    title     = {Location-{B}ased {S}patial {Q}uery {P}rocessing in {W}ireless {B}roadcast
                {E}nvironments},
    journal   = {IEEE Trans. Mob. Comput.},
    volume    = {7},
    number    = {6},
    year      = {2008},
    pages     = {778-791}
}

@article{journals/vldb/ZhengLLLS09,
  author    = {Baihua Zheng and
               Wang-Chien Lee and
               Ken C. K. Lee and
               Dik Lun Lee and
               Min Shao},
  title     = {A distributed spatial index for error-prone wireless data
               broadcast},
  journal   = {VLDB J.},
  volume    = {18},
  number    = {4},
  year      = {2009},
  pages     = {959-986}
}

@inproceedings{conf/cikm/Hara02,
  author    = {Takahiro Hara},
  title     = {Cooperative caching by mobile clients in push-based information
               systems},
  booktitle = {CIKM},
  year      = {2002},
  pages     = {186-193}
}

@inproceedings{conf/icde/BorzsonyiKS01,
  author    = {Stephan B{\"o}rzs{\"o}nyi and
               Donald Kossmann and
               Konrad Stocker},
  title     = {{The Skyline Operator}},
  booktitle = {ICDE},
  year      = {2001},
  pages     = {421-430}
}

@inproceedings
{
    shooting_stars,
    author    = {Donald Kossmann and
                Frank Ramsak and
                Steffen Rost},
    title     = {Shooting {S}tars in the {S}ky: {A}n {O}nline {A}lgorithm for {S}kyline
               {Q}ueries},
    booktitle = {VLDB},
    year      = {2002},
    pages     = {275-286},
    ee        = {http://www.vldb.org/conf/2002/S09P01.pdf},
    crossref  = {DBLP:conf/vldb/2002},
    bibsource = {DBLP, http://dblp.uni-trier.de}
}

@article
{
    progressive_skyline,
    author    = {Dimitris Papadias and
                Yufei Tao and
                Greg Fu and
                Bernhard Seeger},
    title     = {Progressive {s}kyline {c}omputation in {d}atabase {s}ystems},
    journal   = {ACM Trans. Database Syst.},
    volume    = {30},
    number    = {1},
    year      = {2005},
    pages     = {41-82},
    ee        = {http://doi.acm.org/10.1145/1061318.1061320},
    bibsource = {DBLP, http://dblp.uni-trier.de}
}

@inproceedings{conf/icde/LinYWL05,
  author    = {Xuemin Lin and
               Yidong Yuan and
               Wei Wang 0011 and
               Hongjun Lu},
  title     = {{Stabbing the Sky: Efficient Skyline Computation over Sliding
               Windows}},
  booktitle = {ICDE},
  year      = {2005},
  pages     = {502-513}
}

@article{journals/tkde/TaoP06,
  author    = {Yufei Tao and
               Dimitris Papadias},
  title     = {{Maintaining Sliding Window Skylines on Data Streams}},
  journal   = {IEEE Trans. Knowl. Data Eng.},
  volume    = {18},
  number    = {2},
  year      = {2006},
  pages     = {377-391}
}

@inproceedings{conf/edbt/BalkeGZ04,
  author    = {Wolf-Tilo Balke and
               Ulrich G{\"u}ntzer and
               Jason Xin Zheng},
  title     = {{Efficient Distributed Skylining for Web Information Systems}},
  booktitle = {EDBT},
  year      = {2004},
  pages     = {256-273}
}


@inproceedings{conf/dexa/HaKCL09,
  author    = {JongWoo Ha and
               Yoon Kwon and
               Jae-Ho Choi and
               SangKeun Lee},
  title     = {{Energy Efficient and Progressive Strategy for Processing
               Skyline Queries on Air}},
  booktitle = {DEXA},
  year      = {2009},
  pages     = {486-500}
}

@article
{
    Bentley:1975:MBS:361002.361007,
    author    = {Jon Louis Bentley},
    title     = {Multidimensional {B}inary {S}earch {T}rees {U}sed for {A}ssociative
                {S}earching},
    journal   = {Commun. ACM},
    volume    = {18},
    number    = {9},
    year      = {1975},
    pages     = {509-517},
    ee        = {db/journals/cacm/Bentley75.html},
    bibsource = {DBLP, http://dblp.uni-trier.de}
}

@article{DBLP:journals/gis/PapadiasT97,
  author    = {Dimitris Papadias and
               Yannis Theodoridis},
  title     = {{S}patial {R}elations, {M}inimum {B}ounding {R}ectangles, and {S}patial {D}ata {S}tructures},
  journal   = {International Journal of Geographical Information Science},
  volume    = {11},
  number    = {2},
  year      = {1997},
  pages     = {111-138},
  ee        = {http://dx.doi.org/10.1080/136588197242428},
  bibsource = {DBLP, http://dblp.uni-trier.de}
}

@inproceedings{conf/sigmod/Guttman84,
    author    = {Antonin Guttman},
    title     = {R-{T}rees: {A} {D}ynamic {I}ndex {S}tructure for {S}patial {S}earching},
    booktitle = {SIGMOD Conference},
    year      = {1984},
    pages     = {47-57}
}

@inproceedings{
    DBLP:conf/vldb/SellisRF87,
    author    = {Timos K. Sellis and
                Nick Roussopoulos and
                Christos Faloutsos},
    title     = {The {R}+-{T}ree: A {D}ynamic {I}ndex for {M}ulti-{D}imensional {O}bjects},
    booktitle = {VLDB},
    year      = {1987},
    pages     = {507-518},
    ee        = {db/conf/vldb/SellisRF87.html},
    crossref  = {DBLP:conf/vldb/87},
    bibsource = {DBLP, http://dblp.uni-trier.de}
}

@article{DBLP:journals/acta/FinkelB74,
  author    = {Raphael A. Finkel and
               Jon Louis Bentley},
  title     = {Quad {T}rees: {A} {D}ata {S}tructure for {R}etrieval on {C}omposite {K}eys},
  journal   = {Acta Inf.},
  volume    = {4},
  year      = {1974},
  pages     = {1-9},
  ee        = {http://dx.doi.org/10.1007/BF00288933},
  bibsource = {DBLP, http://dblp.uni-trier.de}
}

@inproceedings{DBLP:conf/compgeom/Bentley90,
  author    = {Jon Louis Bentley},
  title     = {K-d {T}rees for {S}emidynamic {P}oint {S}ets},
  booktitle = {Symposium on Computational Geometry},
  year      = {1990},
  pages     = {187-197},
  ee        = {http://doi.acm.org/10.1145/98524.98564},
  bibsource = {DBLP, http://dblp.uni-trier.de}
}

@inproceedings
{
    Beckmann:1990:RER:93597.98741,
    author    = {Norbert Beckmann and
                Hans-Peter Kriegel and
                Ralf Schneider and
                Bernhard Seeger},
    title     = {The {R}*-{T}ree: An {E}fficient and {R}obust {A}ccess {M}ethod for {P}oints
                and {R}ectangles},
    booktitle = {SIGMOD Conference},
    year      = {1990},
    pages     = {322-331},
    ee        = {http://doi.acm.org/10.1145/93597.98741, db/conf/sigmod/BeckmannKSS90.html},
    crossref  = {DBLP:conf/sigmod/90},
    bibsource = {DBLP, http://dblp.uni-trier.de}
}

@article{journals/jacm/KungLP75,
  author    = {H. T. Kung and
               Fabrizio Luccio and
               Franco P. Preparata},
  title     = {{On Finding the Maxima of a Set of Vectors}},
  journal   = {J. ACM},
  volume    = {22},
  number    = {4},
  year      = {1975},
  pages     = {469-476}
}

@inproceedings{conf/vldb/GodfreySG05,
  author    = {Parke Godfrey and
               Ryan Shipley and
               Jarek Gryz},
  title     = {{Maximal Vector Computation in Large Data Sets}},
  booktitle = {VLDB},
  year      = {2005},
  pages     = {229-240}
}

@inproceedings{conf/cikm/ChenLY09,
  author    = {Baichen Chen and
               Weifa Liang and
               Jeffrey Xu Yu},
  title     = {Progressive skyline query evaluation and maintenance in
               wireless sensor networks},
  booktitle = {CIKM},
  year      = {2009},
  pages     = {1445-1448}
}

@inproceedings{conf/icde/KuZW07,
  author    = {Wei-Shinn Ku and
               Roger Zimmermann and
               Haixun Wang},
  title     = {{Location-based Spatial Queries with Data Sharing in Wireless
               Broadcast Environments}},
  booktitle = {ICDE},
  year      = {2007},
  pages     = {1355-1359}
}

@article{journals/tods/HjaltasonS99,
  author    = {G\'{\i}sli R. Hjaltason and
               Hanan Samet},
  title     = {Distance Browsing in Spatial Databases},
  journal   = {ACM Trans. Database Syst.},
  volume    = {24},
  number    = {2},
  year      = {1999},
  pages     = {265-318}
}


@inproceedings{conf/pods/PagelSTW93,
  author    = {Bernd-Uwe Pagel and
               Hans-Werner Six and
               Heinrich Toben and
               Peter Widmayer},
  title     = {{Towards an Analysis of Range Query Performance in Spatial
               Data Structures}},
  booktitle = {PODS},
  year      = {1993},
  pages     = {214-221}
}
